@article{Affolter2019ADatabases,
    title = {{A comparative survey of recent natural language interfaces for databases}},
    year = {2019},
    journal = {VLDB Journal},
    author = {Affolter, Katrin and Stockinger, Kurt and Bernstein, Abraham},
    number = {5},
    month = {10},
    pages = {793--819},
    volume = {28},
    publisher = {Springer New York LLC},
    doi = {10.1007/s00778-019-00567-8},
    issn = {0949877X},
    arxivId = {1906.08990},
    keywords = {Natural language interfaces, Query processing, Survey}
}

@article{Li2020AModel,
    title = {{A Comprehensive Exploration on Spider with Fuzzy Decision Text-to-SQL Model}},
    year = {2020},
    journal = {IEEE Transactions on Industrial Informatics},
    author = {Li, Qing and Li, Lili and Li, Qi and Zhong, Jiang},
    number = {4},
    month = {4},
    pages = {2542--2550},
    volume = {16},
    publisher = {IEEE Computer Society},
    doi = {10.1109/TII.2019.2952929},
    issn = {19410050},
    keywords = {Fuzzy decision, fuzzy semantic deep network, natural language processing (NLP), text-to-SQL}
}

@article{Hwang2019AContextualization,
    title = {{A Comprehensive Exploration on WikiSQL with Table-Aware Word Contextualization}},
    year = {2019},
    journal = {arXiv preprint arXiv:1902.01069},
    author = {Hwang, Wonseok and Yim, Jinyeong and Park, Seunghyun and Seo, Minjoon},
    month = {2},
    url = {http://arxiv.org/abs/1902.01069},
    arxivId = {1902.01069}
}

@techreport{Malik2015ASQL,
    title = {{A Domain and Language Construct based Mapping to Convert Natural Language Query to SQL Keywords Natural Language Interface to Database (NLIDB), Keyword based Interface to Database (KBIDB), Structured Query Language (SQL)}},
    year = {2015},
    booktitle = {International Journal of Computer Applications},
    author = {Malik, Alka and Tech, M and Rishi, Rahul},
    number = {4},
    pages = {975--8887},
    volume = {116}
}

@article{Sontakke2014ANLP,
    title = {{A Rule Based Graphical User Interface to Relational Database using NLP}},
    year = {2014},
    journal = {Interaction},
    author = {Sontakke, Abhijeet R and Pimpalkar, Amit},
    number = {6},
    pages = {2347--3878},
    volume = {5},
    url = {www.ijser.in},
    keywords = {DBMS, HLIDBMS, NLIDB, NLP, SQL}
}

@inproceedings{Wong2021ASystems,
    title = {{A Survey of Natural Language Processing Implementation for Data Query Systems}},
    year = {2021},
    booktitle = {RASSE 2021 - IEEE International Conference on Recent Advances in Systems Science and Engineering, Proceedings},
    author = {Wong, A. and Joiner, D. and Chiu, C. and Elsayed, M. and Pereira, K. and Khmelevsky, Y. and Mahony, J.},
    isbn = {9781665434416},
    doi = {10.1109/RASSE53195.2021.9686815},
    keywords = {Data Query System, Deep Learning, Energy Systems, Human-Machine-Systems, Machine Learning, Natural Language Processing, Speech-to-SQL, Text-to-SQL}
}

@inproceedings{Qin2022ADirections,
    title = {{A Survey on Text-to-SQL Parsing: Concepts, Methods, and Future Directions}},
    year = {2022},
    booktitle = {arXiv preprint arXiv:2208.13629},
    author = {Qin, Bowen and Hui, Binyuan and Wang, Lihan and Yang, Min and Li, Jinyang and Li, Binhua and Geng, Ruiying and Cao, Rongyu and Sun, Jian and Si, Luo and Huang, Fei and Li, Yongbin},
    month = {8},
    url = {http://arxiv.org/abs/2208.13629},
    arxivId = {2208.13629}
}

@article{Devlin2018BERT:Understanding,
    title = {{BERT: Pre-training of Deep Bidirectional Transformers for Language Understanding}},
    year = {2018},
    journal = {arXiv preprint arXiv:1810.04805.},
    author = {Devlin, Jacob and Chang, Ming-Wei and Lee, Kenton and Toutanova, Kristina},
    month = {10},
    url = {http://arxiv.org/abs/1810.04805},
    arxivId = {1810.04805}
}

@article{Lin2020BridgingParsing,
    title = {{Bridging Textual and Tabular Data for Cross-Domain Text-to-SQL Semantic Parsing}},
    year = {2020},
    journal = {arXiv preprint arXiv:2012.12627},
    author = {Lin, Xi Victoria and Socher, Richard and Xiong, Caiming},
    month = {12},
    url = {http://arxiv.org/abs/2012.12627},
    arxivId = {2012.12627}
}

@article{Baik2019BridgingDatabases,
    title = {{Bridging the Semantic Gap with SQL Query Logs in Natural Language Interfaces to Databases}},
    year = {2019},
    journal = {IEEE 35th International Conference on Data Engineering},
    author = {Baik, Christopher and Jagadish, H. V. and Li, Yunyao},
    month = {1},
    pages = {374--382},
    url = {http://arxiv.org/abs/1902.00031 http://dx.doi.org/10.1109/ICDE.2019.00041},
    doi = {10.1109/ICDE.2019.00041},
    arxivId = {1902.00031}
}

@article{Shaw2020CompositionalBoth,
    title = {{Compositional Generalization and Natural Language Variation: Can a Semantic Parsing Approach Handle Both?}},
    year = {2020},
    journal = {arXiv preprint arXiv:2010.12725.},
    author = {Shaw, Peter and Chang, Ming-Wei and Pasupat, Panupong and Toutanova, Kristina},
    month = {10},
    url = {http://arxiv.org/abs/2010.12725},
    arxivId = {2010.12725}
}

@article{Guo2019ContentGeneration,
    title = {{Content Enhanced BERT-based Text-to-SQL Generation}},
    year = {2019},
    journal = {arXiv preprint arXiv:1910.07179},
    author = {Guo, Tong and Gao, Huilin},
    month = {10},
    url = {http://arxiv.org/abs/1910.07179},
    arxivId = {1910.07179}
}

@inproceedings{Kate2018ConversionQuery,
    title = {{Conversion of Natural Language Query to SQL Query}},
    year = {2018},
    booktitle = {Proceedings of the 2nd International Conference on Electronics, Communication and Aerospace Technology, ICECA 2018},
    author = {Kate, Abhilasha and Kamble, Satish and Bodkhe, Aishwarya and Joshi, Mrunal},
    month = {9},
    pages = {488--491},
    publisher = {Institute of Electrical and Electronics Engineers Inc.},
    isbn = {9781538609651},
    doi = {10.1109/ICECA.2018.8474639},
    keywords = {Data Dictionary, Natural Language Processing, Natural Language Query, SQL, Semantic, Speech-to-Text, Syntactic}
}

@article{Pal2021DataGeneration,
    title = {{Data Agnostic RoBERTa-based Natural Language to SQL Query Generation}},
    year = {2021},
    journal = {6th International Conference for Convergence in Technology },
    author = {Pal, Debaditya and Sharma, Harsh and Chaudhari, Kaustubh},
    month = {10},
    url = {http://arxiv.org/abs/2010.05243},
    arxivId = {2010.05243}
}

@inproceedings{Agrawal2014DBIQSNLP,
    title = {{DBIQS - An intelligent system for querying and mining databases using NLP}},
    year = {2014},
    booktitle = {Proceedings of the 2014 International Conference on Information Systems and Computer Networks, ISCON 2014},
    author = {Agrawal, Rohit and Chakkarwar, Amogh and Choudhary, Prateek and Jogalekar, Usha A. and Kulkarni, Deepa H.},
    month = {11},
    pages = {39--44},
    publisher = {Institute of Electrical and Electronics Engineers Inc.},
    isbn = {9781479929818},
    doi = {10.1109/ICISCON.2014.6965215},
    keywords = {DBIQS, Data Mining, Data Warehousing, Database Management, Intelligent Querying System, NLIDB, Natural Language Processing, Query Generation, SQL}
}

@inproceedings{Joiner2022DWStudy,
    title = {{DW vs OLTP Performance Optimization in the Cloud on PostgreSQL (A Case Study)}},
    year = {2022},
    booktitle = {RASSE 2022 - IEEE International Conference on Recent Advances in Systems Science and Engineering, Symposium Proceedings},
    author = {Joiner, D. and Clement, M. and Chan, S.T. and Pereira, K. and Wong, A. and Khmelevsky, Y. and Mahony, J. and Ferri, M.},
    isbn = {9781665494915},
    doi = {10.1109/RASSE54974.2022.9989603},
    keywords = {Data warehousing, PostgreSQL, big data, databases, performance optimization}
}

@article{Zhang2019Editing-BasedQuestions,
    title = {{Editing-Based SQL Query Generation for Cross-Domain Context-Dependent Questions}},
    year = {2019},
    journal = {arXiv preprint arXiv:1909.00786.},
    author = {Zhang, R. and Yu, T. and Er, H. Y. and Shim, S. and Xue, E. and Lin, X. V. and Shi, T. and Xiong, C. and Sovher, R. and Radev, D.}
}

@article{Luong2015EffectiveTranslation,
    title = {{Effective Approaches to Attention-based Neural Machine Translation}},
    year = {2015},
    journal = {arXiv preprint arXiv:1508.04025},
    author = {Luong, Minh-Thang and Pham, Hieu and Manning, Christopher D.},
    month = {8},
    url = {http://arxiv.org/abs/1508.04025},
    arxivId = {1508.04025}
}

@article{Navale2017EmergingWorld,
    title = {{Emerging Technologies in the Computer World}},
    year = {2017},
    journal = {International Journal of Advance Engineering and Research Development},
    author = {Navale, Girish and Munde, Dhanashri and Nehete, Mrunali and Nalbalwar, Sumit and Venkatpurwar, Aakash},
    issn = {2348-6406},
    keywords = {Ambiguity, Context Provider (CP), Encryption, Initial state, Natural language processing}
}

@article{Bai2020EnhancedRetrieval,
    title = {{Enhanced Natural Language Interface for Web-Based Information Retrieval}},
    year = {2020},
    journal = {arXiv preprint arXiv:2010.12725},
    author = {Bai, Tian and Ge, Yan and Guo, Shuyu and Zhang, Zhenting and Gong, Leiguang},
    publisher = {Institute of Electrical and Electronics Engineers Inc.},
    doi = {10.1109/ACCESS.2020.3048164},
    issn = {21693536},
    keywords = {Databases, Gated Graph Neural Network, Information retrieval, Natural Language Processing, Natural languages, Neural Network, Predictive models, Structured Query Language, Task analysis, Text-to-SQL, Web pages}
}

@inproceedings{Ferreira2020EvaluatingSystems,
    title = {{Evaluating human-machine translation with attention mechanisms for industry 4.0 environment SQL-based systems}},
    year = {2020},
    booktitle = {IEEE International Workshop on Metrology for Industry 4.0 {\&} IoT },
    author = {Ferreira, S. and Leit{\~{a}}o, G. and Silva, I. and Martins, A. and Ferrari, P.},
    pages = {229--234},
    isbn = {9781728148922}
}

@article{Raffel2019ExploringTransformer,
    title = {{Exploring the Limits of Transfer Learning with a Unified Text-to-Text Transformer}},
    year = {2019},
    journal = {The Journal of Machine Learning Research},
    author = {Raffel, Colin and Shazeer, Noam and Roberts, Adam and Lee, Katherine and Narang, Sharan and Matena, Michael and Zhou, Yanqi and Li, Wei and Liu, Peter J.},
    number = {1},
    month = {10},
    pages = {5485--5551},
    volume = {21},
    url = {http://arxiv.org/abs/1910.10683},
    arxivId = {1910.10683}
}

@inproceedings{Uma2019FormationNLP,
    title = {{Formation of SQL from Natural Language Queryusing NLP}},
    year = {2019},
    booktitle = {2019 International Conference on Computational Intelligence in Data Science (ICCIDS)},
    author = {Uma, M. and Sneha, V. and Sneha, G. and Bhuvana, J. and Bharathi, B.},
    publisher = {IEEE},
    isbn = {9781538694718}
}

@article{Li2015GatedNetworks,
    title = {{Gated Graph Sequence Neural Networks}},
    year = {2015},
    journal = {arXiv preprint arXiv:1511.05493.},
    author = {Li, Yujia and Tarlow, Daniel and Brockschmidt, Marc and Zemel, Richard},
    month = {11},
    url = {http://arxiv.org/abs/1511.05493},
    arxivId = {1511.05493}
}

@inproceedings{Pennington2014GloVe:Representation,
    title = {{GloVe: Global Vectors for Word Representation}},
    year = {2014},
    booktitle = {Proceedings of the 2014 conference on empirical methods in natural language processing (EMNLP)},
    author = {Pennington, Jeffrey and Socher, Richard and Manning, Christopher D},
    pages = {1532--1543},
    url = {http://nlp.}
}

@article{Song2019HierarchicalDecoding,
    title = {{Hierarchical Schema Representation for Text-to-SQL Parsing with Decomposing Decoding}},
    year = {2019},
    journal = {IEEE Access},
    author = {Song, Meina and Zhan, Zecheng and Haihong, E.},
    pages = {103706--103715},
    volume = {7},
    publisher = {Institute of Electrical and Electronics Engineers Inc.},
    doi = {10.1109/ACCESS.2019.2931464},
    issn = {21693536},
    keywords = {SQL generation, Semantic parsing, deep learning, graph encoder, natural language process, neural network}
}

@inproceedings{Phal2019ISQNL:Input,
    title = {{ISQNL: Interpretable SQL query synthesizer from natural language input}},
    year = {2019},
    booktitle = {ACM International Conference Proceeding Series},
    author = {Phal, Shubham Milind and Yatish, H. R. and Hukkeri, Tanmay Sanjay and Natarajan, Abhiram and Gonchigar, Prathika and Deepamala, N.},
    month = {11},
    publisher = {Association for Computing Machinery},
    isbn = {9781450372916},
    doi = {10.1145/3373477.3373478},
    keywords = {Entity Recognition, Intent Recognition, N Grams, Natural Language query, Natural language processing, SQL query, Tokenization parts of speech tagging, Wordnets}
}

@article{Cho2014LearningTranslation,
    title = {{Learning Phrase Representations using RNN Encoder-Decoder for Statistical Machine Translation}},
    year = {2014},
    journal = {arXiv preprint arXiv:1406.1078.},
    author = {Cho, Kyunghyun and van Merrienboer, Bart and Gulcehre, Caglar and Bahdanau, Dzmitry and Bougares, Fethi and Schwenk, Holger and Bengio, Yoshua},
    month = {6},
    url = {http://arxiv.org/abs/1406.1078},
    arxivId = {1406.1078}
}

@article{Cao2021LGESQL:Relations,
    title = {{LGESQL: Line Graph Enhanced Text-to-SQL Model with Mixed Local and Non-Local Relations}},
    year = {2021},
    journal = {arXiv preprint arXiv:2106.01093.},
    author = {Cao, Ruisheng and Chen, Lu and Chen, Zhi and Zhao, Yanbin and Zhu, Su and Yu, Kai},
    month = {6},
    url = {http://arxiv.org/abs/2106.01093},
    arxivId = {2106.01093}
}

@article{Elazar2021MeasuringModels,
    title = {{Measuring and Improving Consistency in Pretrained Language Models}},
    year = {2021},
    journal = {Transactions of the Association for Computational Linguistics},
    author = {Elazar, Yanai and Kassner, Nora and Ravfogel, Shauli and Ravichander, Abhilasha and Hovy, Eduard and Sch{\"{u}}tze, Hinrich and Sch{\"{u}}tze, Sch¨ and Goldberg, Yoav},
    pages = {1012--1031},
    volume = {9},
    url = {https://doi.org/10.1162/tacl},
    doi = {10.1162/tacl}
}

@article{Ma2020MentionGeneration,
    title = {{Mention Extraction and Linking for SQL Query Generation}},
    year = {2020},
    journal = {arXiv preprint arXiv:2012.10074},
    author = {Ma, Jianqiang and Yan, Zeyu and Pang, Shuai and Zhang, Yang and Shen, Jianping},
    month = {12},
    url = {http://arxiv.org/abs/2012.10074 http://dx.doi.org/10.18653/v1/2020.emnlp-main.563},
    doi = {10.18653/v1/2020.emnlp-main.563},
    arxivId = {2012.10074}
}

@article{Yao2019ModelParsing,
    title = {{Model Based Interactive Semantic Parsing}},
    year = {2019},
    journal = {arXiv preprint arXiv:1910.05389},
    author = {Yao, Z. and Su, Y. and Sun, H. and Yih, W. T.}
}

@inproceedings{Ma2021MT-Teql:Variations,
    title = {{MT-Teql: Evaluating and Augmenting Neural NLIDB on Real-world Linguistic and Schema Variations}},
    year = {2021},
    booktitle = {Proceedings of the VLDB Endowment},
    author = {Ma, Pingchuan and Wang, Shuai},
    number = {3},
    pages = {569--582},
    volume = {15},
    publisher = {VLDB Endowment},
    doi = {10.14778/3494124.3494139},
    issn = {21508097}
}

@inproceedings{Mohite2015NaturalTechnique,
    title = {{Natural language interface to database using modified co-occurrence matrix technique}},
    year = {2015},
    booktitle = {2015 International Conference on Pervasive Computing: Advance Communication Technology and Application for Society, ICPC 2015},
    author = {Mohite, Anuradha and Bhojane, Varunakshi},
    month = {4},
    publisher = {Institute of Electrical and Electronics Engineers Inc.},
    isbn = {9781479962723},
    doi = {10.1109/PERVASIVE.2015.7087045},
    keywords = {Database, Information retrieval, Natural language interface, Natural language processing, Structured Query Language (SQL), Word co-occurrence matrix technique}
}

@article{Kombade2020NaturalSQL,
    title = {{Natural Language Processing with some Abbreviation to SQL}},
    year = {2020},
    journal = {International Journal for Research in Applied Science and Engineering Technology},
    author = {Kombade, Chandrakala},
    number = {5},
    month = {5},
    pages = {1046--1048},
    volume = {8},
    publisher = {International Journal for Research in Applied Science and Engineering Technology (IJRASET)},
    doi = {10.22214/ijraset.2020.5166}
}

@article{JavubarSathick2015NaturalSources,
    title = {{Natural language to SQL generation for semantic knowledge extraction in social web sources}},
    year = {2015},
    journal = {Indian Journal of Science and Technology},
    author = {Javubar Sathick, K. and Jaya, A.},
    number = {1},
    pages = {1--10},
    volume = {8},
    publisher = {Indian Society for Education and Environment},
    doi = {10.17485/ijst/2015/v8i1/54123},
    issn = {09745645},
    keywords = {Natural language interface for databases (NLIDB), Natural language processing (NLP), R-tool, Semantic knowledge extraction (SKE), Social web data, Structured query language (SQL)}
}

@article{Gan2021NaturalSpecifications,
    title = {{Natural SQL: Making SQL Easier to Infer from Natural Language Specifications}},
    year = {2021},
    journal = {arXiv preprint arXiv:2109.05153.},
    author = {Gan, Yujian and Chen, Xinyun and Xie, Jinxia and Purver, Matthew and Woodward, John R. and Drake, John and Zhang, Qiaofu},
    month = {9},
    url = {http://arxiv.org/abs/2109.05153},
    arxivId = {2109.05153}
}

@techreport{Tabrez2015NLPQuery,
    title = {{NLP TO Create SQL Query}},
    year = {2015},
    booktitle = {IJSRD-International Journal for Scientific Research {\&} Development|},
    author = {Tabrez, ProfKhan and Shagufta, Shaikh and Sharmeen, Shaikh and Ummiya, Momin and Rameeza, Shaikh},
    pages = {2321--0613},
    volume = {3},
    url = {www.ijsrd.com},
    keywords = {Morphoms, NLP}
}

@inproceedings{Vathsala2021NLP2SQLLearning,
    title = {{NLP2SQL Using Semi-supervised Learning}},
    year = {2021},
    booktitle = {Advanced Computing: 10th International Conference, IACC 2020, Panaji, Goa, India, December 5–6, 2020 , Revised Selected Papers, Part I 10 },
    author = {Vathsala, H. and Koolagudi, S.G.},
    pages = {288--299},
    publisher = {Springer}
}

@article{Scholak2021PICARD:Models,
    title = {{PICARD: Parsing Incrementally for Constrained Auto-Regressive Decoding from Language Models}},
    year = {2021},
    journal = {arXiv preprint arXiv:2109.05093},
    author = {Scholak, Torsten and Schucher, Nathan and Bahdanau, Dzmitry},
    month = {9},
    url = {http://arxiv.org/abs/2109.05093},
    arxivId = {2109.05093}
}

@article{Wang2022Pre-TrainedApplications,
    title = {{Pre-Trained Language Models and Their Applications}},
    year = {2022},
    journal = {Engineering},
    author = {Wang, Haifeng and Li, Jiwei and Wu, Hua and Hovy, Eduard and Sun, Yu},
    month = {9},
    publisher = {Elsevier BV},
    doi = {10.1016/j.eng.2022.04.024},
    issn = {20958099}
}

@article{Samsonova2003ProcessingDatabase,
    title = {{Processing of natural language queries to a relational database}},
    year = {2003},
    journal = {Bioinformatics},
    author = {Samsonova, M. and Pisarev, A. and Blagov, M.},
    number = {SUPPL. 1},
    pages = {i241-i249},
    volume = {19},
    publisher = {Oxford University Press},
    doi = {10.1093/bioinformatics/btg1033},
    issn = {13674811},
    pmid = {12855465},
    keywords = {Conceptual scheme, D.melanogaster, Natural language processing, Query optimization, Relational databases, Segmentation genes}
}

@article{Jain2018Query2vec:Analytics.,
    title = {{Query2vec: An evaluation of NLP techniques for generalized workload analytics.}},
    year = {2018},
    journal = {arXiv preprint arXiv:1801.05613},
    author = {Jain, S. and Howe, B. and Yan, J. and Cruanes, T.}
}

@article{Qi2022RASAT:Text-to-SQL,
    title = {{RASAT: Integrating Relational Structures into Pretrained Seq2Seq Model for Text-to-SQL}},
    year = {2022},
    journal = {arXiv preprint arXiv:2205.06983.},
    author = {Qi, Jiexing and Tang, Jingyao and He, Ziwei and Wan, Xiangpeng and Cheng, Yu and Zhou, Chenghu and Wang, Xinbing and Zhang, Quanshi and Lin, Zhouhan},
    month = {5},
    url = {http://arxiv.org/abs/2205.06983},
    arxivId = {2205.06983}
}

@article{Wang2019RAT-SQL:Parsers,
    title = {{RAT-SQL: Relation-Aware Schema Encoding and Linking for Text-to-SQL Parsers}},
    year = {2019},
    journal = { arXiv preprint arXiv:1911.04942},
    author = {Wang, Bailin and Shin, Richard and Liu, Xiaodong and Polozov, Oleksandr and Richardson, Matthew},
    month = {11},
    url = {http://arxiv.org/abs/1911.04942},
    arxivId = {1911.04942}
}

@article{Deng2022RecentExpect,
    title = {{Recent Advances in Text-to-SQL: A Survey of What We Have and What We Expect}},
    year = {2022},
    journal = { arXiv preprint arXiv:2208.10099.},
    author = {Deng, Naihao and Chen, Yulong and Zhang, Yue},
    month = {8},
    url = {http://arxiv.org/abs/2208.10099},
    arxivId = {2208.10099}
}

@article{Bogin2019RepresentingParsing,
    title = {{Representing Schema Structure with Graph Neural Networks for Text-to-SQL Parsing}},
    year = {2019},
    journal = {arXiv preprint arXiv:1905.06241.},
    author = {Bogin, Ben and Gardner, Matt and Berant, Jonathan},
    month = {5},
    url = {http://arxiv.org/abs/1905.06241},
    arxivId = {1905.06241}
}

@article{Liu2019RoBERTa:Approach,
    title = {{RoBERTa: A Robustly Optimized BERT Pretraining Approach}},
    year = {2019},
    journal = {arXiv preprint arXiv:1907.11692.},
    author = {Liu, Yinhan and Ott, Myle and Goyal, Naman and Du, Jingfei and Joshi, Mandar and Chen, Danqi and Levy, Omer and Lewis, Mike and Zettlemoyer, Luke and Stoyanov, Veselin},
    month = {7},
    url = {http://arxiv.org/abs/1907.11692},
    arxivId = {1907.11692}
}

@article{Choi2020RYANSQL:Databases,
    title = {{RYANSQL: Recursively Applying Sketch-based Slot Fillings for Complex Text-to-SQL in Cross-Domain Databases}},
    year = {2020},
    journal = {Computational Linguistics},
    author = {Choi, DongHyun and Shin, Myeong Cheol and Kim, EungGyun and Shin, Dong Ryeol},
    number = {2},
    month = {4},
    pages = {309--332},
    volume = {47},
    url = {http://arxiv.org/abs/2004.03125},
    arxivId = {2004.03125}
}

@article{Hui2022S2SQL:Parsers,
    title = {{S2SQL: Injecting Syntax to Question-Schema Interaction Graph Encoder for Text-to-SQL Parsers}},
    year = {2022},
    journal = {arXiv preprint arXiv:2203.06958.},
    author = {Hui, Binyuan and Geng, Ruiying and Wang, Lihan and Qin, Bowen and Li, Bowen and Sun, Jian and Li, Yongbin},
    month = {3},
    url = {http://arxiv.org/abs/2203.06958},
    arxivId = {2203.06958}
}

@article{Cai2021SADGA:Text-to-SQL,
    title = {{SADGA: Structure-Aware Dual Graph Aggregation Network for Text-to-SQL}},
    year = {2021},
    journal = {Neural Information Processing Systems, 34, 7664-7676.},
    author = {Cai, Ruichu and Yuan, Jinjie and Xu, Boyan and Hao, Zhifeng},
    month = {10},
    pages = {7664--7676},
    volume = {34},
    url = {http://arxiv.org/abs/2111.00653},
    arxivId = {2111.00653}
}

@article{Zhong2020SemanticSuites,
    title = {{Semantic Evaluation for Text-to-SQL with Distilled Test Suites}},
    year = {2020},
    journal = {arXiv preprint arXiv:2010.02840.},
    author = {Zhong, Ruiqi and Yu, Tao and Klein, Dan},
    month = {10},
    url = {http://arxiv.org/abs/2010.02840},
    arxivId = {2010.02840}
}

@article{Zhong2017Seq2SQL:Learning,
    title = {{Seq2SQL: Generating Structured Queries from Natural Language using Reinforcement Learning}},
    year = {2017},
    journal = { arXiv preprint arXiv:1709.00103.},
    author = {Zhong, Victor and Xiong, Caiming and Socher, Richard},
    month = {8},
    url = {http://arxiv.org/abs/1709.00103},
    arxivId = {1709.00103}
}

@article{Chen2021ShadowGNN:Parser,
    title = {{ShadowGNN: Graph Projection Neural Network for Text-to-SQL Parser}},
    year = {2021},
    journal = {arXiv preprint arXiv:2104.04689},
    author = {Chen, Zhi and Chen, Lu and Zhao, Yanbin and Cao, Ruisheng and Xu, Zihan and Zhu, Su and Yu, Kai},
    month = {4},
    url = {http://arxiv.org/abs/2104.04689},
    arxivId = {2104.04689}
}

@article{Yu2018Spider:Task,
    title = {{Spider: A Large-Scale Human-Labeled Dataset for Complex and Cross-Domain Semantic Parsing and Text-to-SQL Task}},
    year = {2018},
    journal = {arXiv preprint arXiv:1809.08887},
    author = {Yu, Tao and Zhang, Rui and Yang, Kai and Yasunaga, Michihiro and Wang, Dongxu and Li, Zifan and Ma, James and Li, Irene and Yao, Qingning and Roman, Shanelle and Zhang, Zilin and Radev, Dragomir},
    month = {9},
    url = {http://arxiv.org/abs/1809.08887},
    arxivId = {1809.08887}
}

@incollection{Mellah2021SQLNetworks,
    title = {{SQL Generation from Natural Language Using Supervised Learning and Recurrent Neural Networks}},
    year = {2021},
    booktitle = {Lecture Notes in Networks and Systems},
    author = {Mellah, Youssef and Ettifouri, El Hassane and Rhouati, Abdelkader and Dahhane, Walid and Bouchentouf, Toumi and Belkasmi, Mohammed Ghaouth},
    pages = {175--183},
    volume = {144},
    publisher = {Springer},
    doi = {10.1007/978-3-030-53970-2{\_}17}
}

@article{Xu2017SQLNet:Learning,
    title = {{SQLNet: Generating Structured Queries From Natural Language Without Reinforcement Learning}},
    year = {2017},
    journal = {arXiv preprint arXiv:1711.04436},
    author = {Xu, Xiaojun and Liu, Chang and Song, Dawn},
    month = {11},
    url = {http://arxiv.org/abs/1711.04436},
    arxivId = {1711.04436}
}

@article{Tuite2017StochasticCommunities,
    title = {{Stochastic agent-based modeling of tuberculosis in Canadian Indigenous communities}},
    year = {2017},
    journal = {BMC Public Health},
    author = {Tuite, Ashleigh R. and Gallant, Victor and Randell, Elaine and Bourgeois, Annie Claude and Greer, Amy L.},
    number = {1},
    month = {1},
    pages = {1--12},
    volume = {17},
    publisher = {BioMed Central},
    doi = {10.1186/s12889-016-3996-7},
    issn = {14712458},
    pmid = {28086846},
    keywords = {Canada, Latent TB infection, Mathematical model, Nunavut, Public health, Simulation, TB, Tuberculosis}
}

@article{YuSyntaxsqlnet:Task,
    title = {{Syntaxsqlnet: Syntax tree networks for complex and cross-domaintext-to-sql task}},
    journal = {arXiv prepr2018int arXiv:1810.05237.},
    author = {Yu, T. and Yasunaga, M. and Yang, K. and Zhang, R. and Wang, D. and Li, Z. and Radev, D.}
}

@article{Guo2019TowardsRepresentation,
    title = {{Towards Complex Text-to-SQL in Cross-Domain Database with Intermediate Representation}},
    year = {2019},
    journal = {arXiv preprint arXiv:1905.08205},
    author = {Guo, Jiaqi and Zhan, Zecheng and Gao, Yan and Xiao, Yan and Lou, Jian-Guang and Liu, Ting and Zhang, Dongmei},
    month = {5},
    url = {http://arxiv.org/abs/1905.08205},
    arxivId = {1905.08205}
}

@article{Xie2022UnifiedSKG:Models,
    title = {{UnifiedSKG: Unifying and Multi-Tasking Structured Knowledge Grounding with Text-to-Text Language Models}},
    year = {2022},
    journal = {arXiv preprint arXiv:2201.05966},
    author = {Xie, Tianbao and Wu, Chen Henry and Shi, Peng and Zhong, Ruiqi and Scholak, Torsten and Yasunaga, Michihiro and Wu, Chien-Sheng and Zhong, Ming and Yin, Pengcheng and Wang, Sida I. and Zhong, Victor and Wang, Bailin and Li, Chengzu and Boyle, Connor and Ni, Ansong and Yao, Ziyu and Radev, Dragomir and Xiong, Caiming and Kong, Lingpeng and Zhang, Rui and Smith, Noah A. and Zettlemoyer, Luke and Yu, Tao},
    month = {1},
    url = {http://arxiv.org/abs/2201.05966},
    arxivId = {2201.05966}
}

@inproceedings{Brunner2021ValueNet:Information,
    title = {{ValueNet: A Natural Language-to-SQL System that Learns from Database Information}},
    year = {2021},
    booktitle = {2021 IEEE 37th International Conference on Data Engineering (ICDE},
    author = {Brunner, Ursin and Stockinger, Kurt},
    pages = {2177--2182},
    url = {https://yale-lily.github.io/spider},
    arxivId = {2006.00888v2},
    keywords = {Index Terms-NL-to-SQL, natural language interface, neural networks, transformers}
}